<?xml version="1.0" encoding="UTF-8"?><collection xmlns="http://www.loc.gov/MARC21/slim"><record><leader>00588nam--2200205-u-4500</leader><controlfield tag="001">000050751</controlfield><controlfield tag="002">20161230</controlfield><controlfield tag="005">20161230201048</controlfield><controlfield tag="008">080331s1000------------r-----000-0-eng-d</controlfield><datafield ind1=" " ind2=" " tag="040"><subfield code="a">IFIN-HH</subfield></datafield><datafield ind1="1" ind2=" " tag="100"><subfield code="a">Beckenbach, Edwin F. (Ed.)</subfield></datafield><datafield ind1="1" ind2="0" tag="245"><subfield code="a">Modern Mathematics for the Engineer</subfield></datafield><datafield ind1=" " ind2=" " tag="250"><subfield code="a">First series</subfield></datafield><datafield ind1=" " ind2=" " tag="260"><subfield code="a">New York</subfield><subfield code="b">McGraw-Hill Book Company, Inc</subfield><subfield code="c">1956</subfield></datafield><datafield ind1=" " ind2=" " tag="300"><subfield code="a">514 p</subfield></datafield><datafield ind1=" " ind2=" " tag="490"><subfield code="a">University of California, Engineering Extention Series</subfield></datafield><datafield ind1=" " ind2="4" tag="650"><subfield code="a">Mathematical models</subfield></datafield><datafield ind1="1" ind2=" " tag="700"><subfield code="a">Edwin F. Beckenbach</subfield></datafield><datafield ind1=" " ind2=" " tag="852"><subfield code="a">11906</subfield><subfield code="c">51</subfield></datafield><datafield ind1=" " ind2=" " tag="CAT"><subfield code="a">Sys</subfield><subfield code="c">20080331</subfield><subfield code="h">101638</subfield></datafield></record></collection>